@article{Hill18,
	author={R. A. Hill and M. H. Weber and R. Debbout and S. G. Leibowitz and A. R. Olsen},
	year={2018},
	title={The {Lake-Catchment (LakeCat)} dataset: Characterizing landscape features for lake basins within teh conterminous {USA}},
	journal={Freshwater Science},
	volume={},
	number={},
	pages={1-14},
	doi={10.1086/697966}
}
@article{Howard16,
	author={M. D. A. Howard and C. Nagoda and R. M. Kudela and K. Hayashi and A. Tatters and D. A. Caron and L. Busse and J. Brown and M. Sutula and E. D. Stein},
	year={2016},
	title={Microcystin prevalance throughout lentic waterbodies in coastal southern {C}alifornia},
	journal={Toxins},
	volume={9},
	number={231},
	pages={1-21}, 
	doi={10.3390/toxins9070231}
}
@article{Mazor16,
	author={R. D. Mazor and A. C. Rehn and P. R. Ode and M. Engeln and K. C. Schiff and E. D. Stein and D. J. Gillett and D. B. Herbst and C. P. Hawkins},
	year={2016},
	title={Bioassessment in complex environments: designing an index for consistent meaning in different settings},
	journal={Freshwater Science},
	volume={35},
	number={1},
	pages={249-271}
}
@article{Ode16,
	author={P. R. Ode and A. C. Rehn and R. D. Mazor and K. C. Schiff and E. D. Stein and J. T. May and L. R. Brown and D. B. Herbst and D. Gillett and K. Lunde and C. P. Hawkins},
	year={2016},
	title={Evaluating the adequacy of a reference-site pool for ecological assessments in environmentally complex regions},
	journal={Freshwater Science},
	volume={35},
	number={1},
	pages={237-248}
}
@techreport{USEPA09,
  author={{USEPA}},
  year={2009},
  title={{N}ational {L}akes {A}ssessment 2007: a collaborative survey},
  address={Washington, DC},
	number={EPA-841-R-09-001}
}
@techreport{USEPA17,
  author={{USEPA}},
  year={2017},
  title={{N}ational {L}akes {A}ssessment 2012: technical report},
  address={Washington, DC},
	number={EPA-841-R-16-114}
}
